<record xmlns="http://www.loc.gov/MARC21/slim" xmlns:xsi="http://www.w3.org/2001/XMLSchema-instance" xsi:schemaLocation="http://www.loc.gov/MARC21/slim http://www.loc.gov/standards/marcxml/schema/MARC21slim.xsd"><leader>00481cz   2200145n  4500</leader><controlfield tag="001">oca00360535 </controlfield><controlfield tag="005">20030223081622.0</controlfield><controlfield tag="008">800624n| acannaabn          |a aaa      </controlfield><datafield ind1=" " ind2=" " tag="010"><subfield code="a">n  79129029 </subfield></datafield><datafield ind1=" " ind2=" " tag="040"><subfield code="a">DLC</subfield><subfield code="c">DLC</subfield><subfield code="d">DLC</subfield><subfield code="d">CCSC</subfield></datafield><datafield ind1="1" ind2=" " tag="100"><subfield code="a">Severus, Sulpicius.</subfield></datafield><datafield ind1="1" ind2=" " tag="400"><subfield code="a">Severo, Sulpicio</subfield></datafield><datafield ind1="1" ind2=" " tag="400"><subfield code="a">Severus, Sulpitius</subfield></datafield><datafield ind1=" " ind2=" " tag="670"><subfield code="a">Guizzoni, F. Sulpicio Severo, c1983:</subfield><subfield code="b">t.p. (Sulpicio Severo)</subfield></datafield><datafield ind1=" " ind2=" " tag="670"><subfield code="a">Nicene and post-Nicene Fathers, second series, v. 11, 1994:</subfield><subfield code="b">t.p. (Sulpitius Severus)</subfield></datafield></record>